% Methods for Reliable Teleportation

@article{methods,
author = {L. Vaidman and N. Yoran},
title = {Methods for Reliable Teleportation},
year = {1998},
eprint = {arXiv:quant-ph/9808040},
doi = {10.1103/PhysRevA.59.116},
}

% Motivation

@article{coding,
Author = {R. F. Werner},
Title = {All Teleportation and Dense Coding Schemes},
Year = {2000},
Eprint = {arXiv:quant-ph/0003070},
Doi = {10.1088/0305-4470/34/35/332},
}

% Mudd Work

@article{hyper,
Author = {N. Pisenti and C. P. E. Gaebler and T. W. Lynn},
Title = {Distinguishability of hyperentangled Bell state by linear evolution and local projective measurement},
Year = {2011},
Eprint = {arXiv:1109.1584},
Howpublished = {Physical Review A 84, 022340 (2011)},
Doi = {10.1103/PhysRevA.84.022340},
}

@thesis{nathaniel,
type={Bachelor's Thesis},
author = {Nathaniel Leslie},
year = {2017},
title = {Maximal LELM Distinguishability of Qubit and Qutrit Bell States using Projective and Non-Projective Measurements},
school={Harvey Mudd College},
}

@thesis{victor,
type={Bachelor's Thesis},
author = {Victor Shang},
year = {2016},
title = {Computational Progress towards Maximum
Distinguishability of Bell States by Linear
Evolution and Local Measurement},
school={Harvey Mudd College},
}

@thesis{neal,
type={Bachelor's Thesis},
author = {Neal C. Pisenti},
year = {2011},
title = {Distinguishability of Hyper-Entangled Bell States with Linear Devices},
school={Harvey Mudd College},
}

% Textbooks

@book{qibook,
  author    = {Eleanor Rieffel and Wolfgang Polak}, 
  title     = {Quantum Computing: A Gentle Introduction},
  publisher = {The MIT Press},
  year      = 2014,
  isbn      = {0262526670}
}

@book{ccbook,
  author    = {Chistos M. Papadimitriou}, 
  title     = {Computational Complexity},
  publisher = {Pearson},
  year      = 1993,
  isbn      = {0201530821}
}